<?xml version="1.0" encoding="UTF-8"?><collection xmlns="http://www.loc.gov/MARC21/slim"><record><leader>00411nam--2200133-i-4500</leader><controlfield tag="001">000013327</controlfield><controlfield tag="002">20161230</controlfield><controlfield tag="005">20161230201030</controlfield><controlfield tag="008">060222s1000------------r-----000-0-eng-d</controlfield><datafield ind1=" " ind2=" " tag="080"><subfield code="a">621.039.519(043)</subfield></datafield><datafield ind1=" " ind2=" " tag="100"><subfield code="a">Arriola, Alejardo</subfield></datafield><datafield ind1=" " ind2=" " tag="245"><subfield code="a">Etudes experimentales de caracteristiques neutroniques de reseaux de reacteurs a eau pressurisee. these</subfield></datafield><datafield ind1=" " ind2=" " tag="260"><subfield code="a">Paris, Univeersite, 1978 89 P. + Dif</subfield></datafield><datafield ind1=" " ind2=" " tag="852"><subfield code="a">48394</subfield></datafield></record></collection>